%% This BibTeX bibliography file was created using BibDesk.
%% http://bibdesk.sourceforge.net/


%% Created for Xin Liu at 2012-12-12 16:05:03 -0500 


%% Saved with string encoding Unicode (UTF-8) 



@misc{wiki-spa,
	Author = {Wikipedia},
	Date-Added = {2012-12-12 21:04:26 +0000},
	Date-Modified = {2012-12-12 21:05:03 +0000},
	Month = {2012},
	Title = {Single-page application --- Wikipedia{,} The Free Encyclopedia}}

@article{oauth2,
	Author = {OAuth Working Group},
	Date-Added = {2012-12-12 18:49:18 +0000},
	Date-Modified = {2012-12-12 18:50:19 +0000},
	Title = {The OAuth 2.0 Authorization Framework},
	Year = {2012}}

@misc{google-user-api,
	Author = {Google},
	Date-Added = {2012-12-12 18:46:13 +0000},
	Date-Modified = {2012-12-12 18:46:41 +0000},
	Title = {https://developers.google.com/accounts/docs/OAuth2}}

@misc{google-place-api,
	Author = {Google-Places-API},
	Date-Added = {2012-12-12 16:12:44 +0000},
	Date-Modified = {2012-12-12 18:47:10 +0000},
	Title = {https://developers.google.com/places/documentation/}}

@misc{phonelab,
	Author = {PhoneLab},
	Date-Added = {2012-12-12 04:25:06 +0000},
	Date-Modified = {2012-12-12 04:25:23 +0000},
	Title = {http://www.phone-lab.org/}}

@misc{android,
	Author = {Android},
	Date-Added = {2012-12-12 04:23:48 +0000},
	Date-Modified = {2012-12-12 04:24:09 +0000},
	Title = {http://www.android.com/}}

@misc{django,
	Author = {Django},
	Date-Added = {2012-12-12 03:58:47 +0000},
	Date-Modified = {2012-12-12 03:59:08 +0000},
	Title = {https://www.djangoproject.com/},
	Year = {2012}}
